% % % % % % % % % % % % % % % % % % % %
%%% MLG: FRB-related papers starts
@ARTICLE{2016ApJ...824L..18L,
       author = {{Lyutikov}, Maxim and {Lorimer}, Duncan R.},
        title = "{How Else Can We Detect Fast Radio Bursts?}",
      journal = {\apjl},
     keywords = {stars: neutron, Astrophysics - High Energy Astrophysical Phenomena},
         year = "2016",
        month = "Jun",
       volume = {824},
       number = {2},
          eid = {L18},
        pages = {L18},
          doi = {10.3847/2041-8205/824/2/L18},
archivePrefix = {arXiv},
       eprint = {1605.01468},
 primaryClass = {astro-ph.HE},
       adsurl = {https://ui.adsabs.harvard.edu/abs/2016ApJ...824L..18L},
      adsnote = {Provided by the SAO/NASA Astrophysics Data System}
}

@ARTICLE{2018Natur.562..386S,
       author = {{Shannon}, R.~M. and {Macquart}, J. -P. and {Bannister}, K.~W. and
         {Ekers}, R.~D. and {James}, C.~W. and {Os{\l}owski}, S. and {Qiu}, H. and
         {Sammons}, M. and {Hotan}, A.~W. and {Voronkov}, M.~A. and
         {Beresford}, R.~J. and {Brothers}, M. and {Brown}, A.~J. and
         {Bunton}, J.~D. and {Chippendale}, A.~P. and {Haskins}, C. and
         {Leach}, M. and {Marquarding}, M. and {McConnell}, D. and
         {Pilawa}, M.~A. and {Sadler}, E.~M. and {Troup}, E.~R. and
         {Tuthill}, J. and {Whiting}, M.~T. and {Allison}, J.~R. and
         {Anderson}, C.~S. and {Bell}, M.~E. and {Collier}, J.~D. and
         {G{\"u}rkan}, G. and {Heald}, G. and {Riseley}, C.~J.},
        title = "{The dispersion-brightness relation for fast radio bursts from a wide-field survey}",
      journal = {\nat},
         year = "2018",
        month = "Oct",
       volume = {562},
       number = {7727},
        pages = {386-390},
          doi = {10.1038/s41586-018-0588-y},
       adsurl = {https://ui.adsabs.harvard.edu/abs/2018Natur.562..386S},
      adsnote = {Provided by the SAO/NASA Astrophysics Data System}
}

@ARTICLE{2019ApJ...878...89Y,
       author = {{Yang}, Yuan-Pei and {Zhang}, Bing and {Wei}, Jian-Yan},
        title = "{How Bright Are Fast Optical Bursts Associated With Fast Radio Bursts?}",
      journal = {\apj},
     keywords = {radiation mechanisms: non-thermal, Astrophysics - High Energy Astrophysical Phenomena},
         year = "2019",
        month = "Jun",
       volume = {878},
       number = {2},
          eid = {89},
        pages = {89},
          doi = {10.3847/1538-4357/ab1fe2},
archivePrefix = {arXiv},
       eprint = {1905.02429},
 primaryClass = {astro-ph.HE},
       adsurl = {https://ui.adsabs.harvard.edu/abs/2019ApJ...878...89Y},
      adsnote = {Provided by the SAO/NASA Astrophysics Data System}
}

@ARTICLE{2019ApJ...881...30T,
       author = {{Tingay}, Steven J. and {Yang}, Yuan-Pei},
        title = "{A Search of TESS Full-frame Images for a Simultaneous Optical Counterpart to FRB 181228}",
      journal = {\apj},
     keywords = {radiation mechanisms: general, radio continuum: general, techniques: photometric, Astrophysics - Instrumentation and Methods for Astrophysics, Astrophysics - High Energy Astrophysical Phenomena},
         year = "2019",
        month = "Aug",
       volume = {881},
       number = {1},
          eid = {30},
        pages = {30},
          doi = {10.3847/1538-4357/ab2c6e},
archivePrefix = {arXiv},
       eprint = {1906.09673},
 primaryClass = {astro-ph.IM},
       adsurl = {https://ui.adsabs.harvard.edu/abs/2019ApJ...881...30T},
      adsnote = {Provided by the SAO/NASA Astrophysics Data System}
}

@ARTICLE{2016Natur.530..453K,
       author = {{Keane}, E.~F. and {Johnston}, S. and {Bhandari}, S. and {Barr}, E. and
         {Bhat}, N.~D.~R. and {Burgay}, M. and {Caleb}, M. and {Flynn}, C. and
         {Jameson}, A. and {Kramer}, M. and {Petroff}, E. and {Possenti}, A. and
         {van Straten}, W. and {Bailes}, M. and {Burke-Spolaor}, S. and
         {Eatough}, R.~P. and {Stappers}, B.~W. and {Totani}, T. and
         {Honma}, M. and {Furusawa}, H. and {Hattori}, T. and {Morokuma}, T. and
         {Niino}, Y. and {Sugai}, H. and {Terai}, T. and {Tominaga}, N. and
         {Yamasaki}, S. and {Yasuda}, N. and {Allen}, R. and {Cooke}, J. and
         {Jencson}, J. and {Kasliwal}, M.~M. and {Kaplan}, D.~L. and
         {Tingay}, S.~J. and {Williams}, A. and {Wayth}, R. and {Chandra}, P. and
         {Perrodin}, D. and {Berezina}, M. and {Mickaliger}, M. and {Bassa}, C.},
        title = "{The host galaxy of a fast radio burst}",
      journal = {\nat},
     keywords = {Astrophysics - High Energy Astrophysical Phenomena, Astrophysics - Cosmology and Nongalactic Astrophysics},
         year = "2016",
        month = "Feb",
       volume = {530},
       number = {7591},
        pages = {453-456},
          doi = {10.1038/nature17140},
archivePrefix = {arXiv},
       eprint = {1602.07477},
 primaryClass = {astro-ph.HE},
       adsurl = {https://ui.adsabs.harvard.edu/abs/2016Natur.530..453K},
      adsnote = {Provided by the SAO/NASA Astrophysics Data System}
}

@ARTICLE{2019arXiv191002036L,
       author = {{Law}, C.~J. and {Omand}, C.~M.~B. and {Kashiyama}, K. and {Murase}, K. and
         {Bower}, G.~C. and {Aggarwal}, K. and {Burke-Spolaor}, S. and
         {Butler}, B.~J. and {Demorest}, P. and {Lazio}, T.~J.~W. and
         {Linford}, J. and {Tendulkar}, S.~P. and {Rupen}, M.~P.},
        title = "{A Search for Late-Time Radio Emission and Fast Radio Bursts from Superluminous Supernovae}",
      journal = {arXiv e-prints},
     keywords = {Astrophysics - High Energy Astrophysical Phenomena},
         year = "2019",
        month = "Oct",
          eid = {arXiv:1910.02036},
        pages = {arXiv:1910.02036},
archivePrefix = {arXiv},
       eprint = {1910.02036},
 primaryClass = {astro-ph.HE},
       adsurl = {https://ui.adsabs.harvard.edu/abs/2019arXiv191002036L},
      adsnote = {Provided by the SAO/NASA Astrophysics Data System}
}

@ARTICLE{2016MNRAS.460L..30C,
       author = {{Champion}, D.~J. and {Petroff}, E. and {Kramer}, M. and {Keith}, M.~J. and
         {Bailes}, M. and {Barr}, E.~D. and {Bates}, S.~D. and {Bhat}, N.~D.~R. and
         {Burgay}, M. and {Burke-Spolaor}, S. and {Flynn}, C.~M.~L. and
         {Jameson}, A. and {Johnston}, S. and {Ng}, C. and {Levin}, L. and
         {Possenti}, A. and {Stappers}, B.~W. and {van Straten}, W. and
         {Thornton}, D. and {Tiburzi}, C. and {Lyne}, A.~G.},
        title = "{Five new fast radio bursts from the HTRU high-latitude survey at Parkes: first evidence for two-component bursts}",
      journal = {\mnras},
     keywords = {scattering, surveys, pulsars: general, intergalactic medium, Astrophysics - High Energy Astrophysical Phenomena},
         year = "2016",
        month = "Jul",
       volume = {460},
       number = {1},
        pages = {L30-L34},
          doi = {10.1093/mnrasl/slw069},
archivePrefix = {arXiv},
       eprint = {1511.07746},
 primaryClass = {astro-ph.HE},
       adsurl = {https://ui.adsabs.harvard.edu/abs/2016MNRAS.460L..30C},
      adsnote = {Provided by the SAO/NASA Astrophysics Data System}
}
%%% MLG: FRB-related papers ends
% % % % % % % % % % % % % % % % % % % %


@DocuShare{Document-28382,
  author =  { \v{Z}eljko Ivezi{\'c} and Lynne Jones and Tiago Ribeiro},
  title =        "{Call for White Papers on LSST Cadence Optimization}",
  year =         2018,
  month =        jun,
  handle =       {Document-28382}
}

@DocuShare{Document-27962,
  author =  {Jim Bosch},
  title =        "{DM Plans for Crowded Star Fields}",
  year =         2018,
  month =        apr,
  handle =       {Document-27962}
}

@DocuShare{LDO-013,
author = {Blum et al.},
title = "{LSST Data Policy}",
year = 2019,
month = nov,
handle = {LDO-013}
}



@ARTICLE{2017Sci...358.1559K,
       author = {{Kasliwal}, M.~M. and {Nakar}, E. and {Singer}, L.~P. and
         {Kaplan}, D.~L. and {Cook}, D.~O. and {Van Sistine}, A. and
         {Lau}, R.~M. and {Fremling}, C. and {Gottlieb}, O. and
         {Jencson}, J.~E. and {Adams}, S.~M. and {Feindt}, U. and
         {Hotokezaka}, K. and {Ghosh}, S. and {Perley}, D.~A. and {Yu}, P. -C. and
         {Piran}, T. and {Allison}, J.~R. and {Anupama}, G.~C. and
         {Balasubramanian}, A. and {Bannister}, K.~W. and {Bally}, J. and
         {Barnes}, J. and {Barway}, S. and {Bellm}, E. and {Bhalerao}, V. and
         {Bhattacharya}, D. and {Blagorodnova}, N. and {Bloom}, J.~S. and
         {Brady}, P.~R. and {Cannella}, C. and {Chatterjee}, D. and
         {Cenko}, S.~B. and {Cobb}, B.~E. and {Copperwheat}, C. and {Corsi}, A. and
         {De}, K. and {Dobie}, D. and {Emery}, S.~W.~K. and {Evans}, P.~A. and
         {Fox}, O.~D. and {Frail}, D.~A. and {Frohmaier}, C. and {Goobar}, A. and
         {Hallinan}, G. and {Harrison}, F. and {Helou}, G. and {Hinderer}, T. and
         {Ho}, A.~Y.~Q. and {Horesh}, A. and {Ip}, W. -H. and {Itoh}, R. and
         {Kasen}, D. and {Kim}, H. and {Kuin}, N.~P.~M. and {Kupfer}, T. and
         {Lynch}, C. and {Madsen}, K. and {Mazzali}, P.~A. and {Miller}, A.~A. and
         {Mooley}, K. and {Murphy}, T. and {Ngeow}, C. -C. and {Nichols}, D. and
         {Nissanke}, S. and {Nugent}, P. and {Ofek}, E.~O. and {Qi}, H. and
         {Quimby}, R.~M. and {Rosswog}, S. and {Rusu}, F. and {Sadler}, E.~M. and
         {Schmidt}, P. and {Sollerman}, J. and {Steele}, I. and
         {Williamson}, A.~R. and {Xu}, Y. and {Yan}, L. and {Yatsu}, Y. and
         {Zhang}, C. and {Zhao}, W.},
        title = "{Illuminating gravitational waves: A concordant picture of photons from a neutron star merger}",
      journal = {Science},
     keywords = {ASTRONOMY, PHYSICS, Astrophysics - High Energy Astrophysical Phenomena, Astrophysics - Astrophysics of Galaxies, Astrophysics - Solar and Stellar Astrophysics, General Relativity and Quantum Cosmology},
         year = "2017",
        month = "Dec",
       volume = {358},
       number = {6370},
        pages = {1559-1565},
          doi = {10.1126/science.aap9455},
archivePrefix = {arXiv},
       eprint = {1710.05436},
 primaryClass = {astro-ph.HE},
       adsurl = {https://ui.adsabs.harvard.edu/abs/2017Sci...358.1559K},
      adsnote = {Provided by the SAO/NASA Astrophysics Data System}
}

@ARTICLE{2018MNRAS.473..576G,
       author = {{Gottlieb}, Ore and {Nakar}, Ehud and {Piran}, Tsvi},
        title = "{The cocoon emission - an electromagnetic counterpart to gravitational waves from neutron star mergers}",
      journal = {\mnras},
     keywords = {gravitational waves, methods: numerical, gamma-ray burst: general, stars: neutron, methods: numerical - gamma-ray burst: general, Astrophysics - High Energy Astrophysical Phenomena},
         year = "2018",
        month = "Jan",
       volume = {473},
       number = {1},
        pages = {576-584},
          doi = {10.1093/mnras/stx2357},
archivePrefix = {arXiv},
       eprint = {1705.10797},
 primaryClass = {astro-ph.HE},
       adsurl = {https://ui.adsabs.harvard.edu/abs/2018MNRAS.473..576G},
      adsnote = {Provided by the SAO/NASA Astrophysics Data System}
}

@ARTICLE{2019arXiv190800100M,
       author = {{Mandhai}, Soheb and {Tanvir}, Nial and {Lamb}, Gavin and
         {Levan}, Andrew and {Tsang}, David},
        title = "{The Rate of Short Duration Gamma-Ray Bursts in the local Universe}",
      journal = {arXiv e-prints},
     keywords = {Astrophysics - High Energy Astrophysical Phenomena},
         year = "2019",
        month = "Jul",
          eid = {arXiv:1908.00100},
        pages = {arXiv:1908.00100},
archivePrefix = {arXiv},
       eprint = {1908.00100},
 primaryClass = {astro-ph.HE},
       adsurl = {https://ui.adsabs.harvard.edu/abs/2019arXiv190800100M},
      adsnote = {Provided by the SAO/NASA Astrophysics Data System}
}

@ARTICLE{2016ApJ...819...15S,
       author = {{Siegel}, Daniel M. and {Ciolfi}, Riccardo},
        title = "{Electromagnetic Emission from Long-lived Binary Neutron Star Merger Remnants. II. Lightcurves and Spectra}",
      journal = {\apj},
     keywords = {gamma-ray burst: general, gravitational waves, pulsars: general, stars: magnetars, stars: neutron, X-rays: general, Astrophysics - High Energy Astrophysical Phenomena, Astrophysics - Solar and Stellar Astrophysics, General Relativity and Quantum Cosmology},
         year = "2016",
        month = "Mar",
       volume = {819},
       number = {1},
          eid = {15},
        pages = {15},
          doi = {10.3847/0004-637X/819/1/15},
archivePrefix = {arXiv},
       eprint = {1508.07939},
 primaryClass = {astro-ph.HE},
       adsurl = {https://ui.adsabs.harvard.edu/abs/2016ApJ...819...15S},
      adsnote = {Provided by the SAO/NASA Astrophysics Data System}
}

@ARTICLE{2019PASP..131j8006C,
       author = {{Carrasco-Davis}, Rodrigo and {Cabrera-Vives}, Guillermo and
         {F{\"o}rster}, Francisco and {Est{\'e}vez}, Pablo A. and
         {Huijse}, Pablo and {Protopapas}, Pavlos and {Reyes}, Ignacio and
         {Mart{\'\i}nez-Palomera}, Jorge and {Donoso}, Crist{\'o}bal},
        title = "{Deep Learning for Image Sequence Classification of Astronomical Events}",
      journal = {\pasp},
     keywords = {Astrophysics - Instrumentation and Methods for Astrophysics},
         year = "2019",
        month = "Oct",
       volume = {131},
       number = {1004},
        pages = {108006},
          doi = {10.1088/1538-3873/aaef12},
archivePrefix = {arXiv},
       eprint = {1807.03869},
 primaryClass = {astro-ph.IM},
       adsurl = {https://ui.adsabs.harvard.edu/abs/2019PASP..131j8006C},
      adsnote = {Provided by the SAO/NASA Astrophysics Data System}
}

@ARTICLE{2006ApJ...648..868S,
       author = {{Sullivan}, M. and {Le Borgne}, D. and {Pritchet}, C.~J. and
         {Hodsman}, A. and {Neill}, J.~D. and {Howell}, D.~A. and
         {Carlberg}, R.~G. and {Astier}, P. and {Aubourg}, E. and {Balam}, D. and
         {Basa}, S. and {Conley}, A. and {Fabbro}, S. and {Fouchez}, D. and
         {Guy}, J. and {Hook}, I. and {Pain}, R. and
         {Palanque-Delabrouille}, N. and {Perrett}, K. and {Regnault}, N. and
         {Rich}, J. and {Taillet}, R. and {Baumont}, S. and {Bronder}, J. and
         {Ellis}, R.~S. and {Filiol}, M. and {Lusset}, V. and {Perlmutter}, S. and
         {Ripoche}, P. and {Tao}, C.},
        title = "{Rates and Properties of Type Ia Supernovae as a Function of Mass and Star Formation in Their Host Galaxies}",
      journal = {\apj},
     keywords = {Cosmology: Distance Scale, Galaxies: Evolution, Stars: Supernovae: General, Surveys, Astrophysics},
         year = "2006",
        month = "Sep",
       volume = {648},
       number = {2},
        pages = {868-883},
          doi = {10.1086/506137},
archivePrefix = {arXiv},
       eprint = {astro-ph/0605455},
 primaryClass = {astro-ph},
       adsurl = {https://ui.adsabs.harvard.edu/abs/2006ApJ...648..868S},
      adsnote = {Provided by the SAO/NASA Astrophysics Data System}
}

@ARTICLE{2013ApJ...778..167F,
       author = {{Foley}, Ryan J. and {Mandel}, Kaisey},
        title = "{Classifying Supernovae Using Only Galaxy Data}",
      journal = {\apj},
     keywords = {galaxies: general, methods: statistical, supernovae: general, Astrophysics - Cosmology and Nongalactic Astrophysics, Astrophysics - Solar and Stellar Astrophysics},
         year = "2013",
        month = "Dec",
       volume = {778},
       number = {2},
          eid = {167},
        pages = {167},
          doi = {10.1088/0004-637X/778/2/167},
archivePrefix = {arXiv},
       eprint = {1309.2630},
 primaryClass = {astro-ph.CO},
       adsurl = {https://ui.adsabs.harvard.edu/abs/2013ApJ...778..167F},
      adsnote = {Provided by the SAO/NASA Astrophysics Data System}
}

@ARTICLE{2018Natur.554..497B,
       author = {{Bersten}, M.~C. and {Folatelli}, G. and {Garc{\'\i}a}, F. and
         {van Dyk}, S.~D. and {Benvenuto}, O.~G. and {Orellana}, M. and
         {Buso}, V. and {S{\'a}nchez}, J.~L. and {Tanaka}, M. and {Maeda}, K. and
         {Filippenko}, A.~V. and {Zheng}, W. and {Brink}, T.~G. and
         {Cenko}, S.~B. and {de Jaeger}, T. and {Kumar}, S. and {Moriya}, T.~J. and
         {Nomoto}, K. and {Perley}, D.~A. and {Shivvers}, I. and {Smith}, N.},
        title = "{A surge of light at the birth of a supernova}",
      journal = {\nat},
     keywords = {Astrophysics - High Energy Astrophysical Phenomena, Astrophysics - Solar and Stellar Astrophysics},
         year = "2018",
        month = "Feb",
       volume = {554},
       number = {7693},
        pages = {497-499},
          doi = {10.1038/nature25151},
archivePrefix = {arXiv},
       eprint = {1802.09360},
 primaryClass = {astro-ph.HE},
       adsurl = {https://ui.adsabs.harvard.edu/abs/2018Natur.554..497B},
      adsnote = {Provided by the SAO/NASA Astrophysics Data System}
}

@ARTICLE{2012ApJ...744L..17B,
       author = {{Bloom}, Joshua S. and {Kasen}, Daniel and {Shen}, Ken J. and
         {Nugent}, Peter E. and {Butler}, Nathaniel R. and {Graham}, Melissa L. and
         {Howell}, D. Andrew and {Kolb}, Ulrich and {Holmes}, Stefan and
         {Haswell}, Carole A. and {Burwitz}, Vadim and {Rodriguez}, Juan and
         {Sullivan}, Mark},
        title = "{A Compact Degenerate Primary-star Progenitor of SN 2011fe}",
      journal = {\apjl},
     keywords = {supernovae: individual: 2011fe white dwarfs, supernovae: general, Astrophysics - High Energy Astrophysical Phenomena, Astrophysics - Cosmology and Extragalactic Astrophysics},
         year = "2012",
        month = "Jan",
       volume = {744},
       number = {2},
          eid = {L17},
        pages = {L17},
          doi = {10.1088/2041-8205/744/2/L17},
archivePrefix = {arXiv},
       eprint = {1111.0966},
 primaryClass = {astro-ph.HE},
       adsurl = {https://ui.adsabs.harvard.edu/abs/2012ApJ...744L..17B},
      adsnote = {Provided by the SAO/NASA Astrophysics Data System}
}

@ARTICLE{2010ApJ...708.1025K,
       author = {{Kasen}, Daniel},
        title = "{Seeing the Collision of a Supernova with Its Companion Star}",
      journal = {\apj},
     keywords = {binaries: general, supernovae: general, X-rays: bursts, Astrophysics - High Energy Astrophysical Phenomena, Astrophysics - Solar and Stellar Astrophysics},
         year = "2010",
        month = "Jan",
       volume = {708},
       number = {2},
        pages = {1025-1031},
          doi = {10.1088/0004-637X/708/2/1025},
archivePrefix = {arXiv},
       eprint = {0909.0275},
 primaryClass = {astro-ph.HE},
       adsurl = {https://ui.adsabs.harvard.edu/abs/2010ApJ...708.1025K},
      adsnote = {Provided by the SAO/NASA Astrophysics Data System}
}

@ARTICLE{2017ApJ...845L..11H,
       author = {{Hosseinzadeh}, Griffin and {Sand}, David J. and {Valenti}, Stefano and
         {Brown}, Peter and {Howell}, D. Andrew and {McCully}, Curtis and
         {Kasen}, Daniel and {Arcavi}, Iair and {Bostroem}, K. Azalee and
         {Tartaglia}, Leonardo and {Hsiao}, Eric Y. and {Davis}, Scott and
         {Shahbandeh}, Melissa and {Stritzinger}, Maximilian D.},
        title = "{Early Blue Excess from the Type Ia Supernova 2017cbv and Implications for Its Progenitor}",
      journal = {\apjl},
     keywords = {supernovae: general, supernovae: individual: SN 2017cbv, Astrophysics - High Energy Astrophysical Phenomena, Astrophysics - Solar and Stellar Astrophysics},
         year = "2017",
        month = "Aug",
       volume = {845},
       number = {2},
          eid = {L11},
        pages = {L11},
          doi = {10.3847/2041-8213/aa8402},
archivePrefix = {arXiv},
       eprint = {1706.08990},
 primaryClass = {astro-ph.HE},
       adsurl = {https://ui.adsabs.harvard.edu/abs/2017ApJ...845L..11H},
      adsnote = {Provided by the SAO/NASA Astrophysics Data System}
}

@ARTICLE{2016AJ....152..154G,
       author = {{Gupta}, Ravi R. and {Kuhlmann}, Steve and {Kovacs}, Eve and
         {Spinka}, Harold and {Kessler}, Richard and {Goldstein}, Daniel A. and
         {Liotine}, Camille and {Pomian}, Katarzyna and {D'Andrea}, Chris B. and
         {Sullivan}, Mark and {Carretero}, Jorge and {Castander}, Francisco J. and
         {Nichol}, Robert C. and {Finley}, David A. and {Fischer}, John A. and
         {Foley}, Ryan J. and {Kim}, Alex G. and {Papadopoulos}, Andreas and
         {Sako}, Masao and {Scolnic}, Daniel M. and {Smith}, Mathew and
         {Tucker}, Brad E. and {Uddin}, Syed and {Wolf}, Rachel C. and
         {Yuan}, Fang and {Abbott}, Tim M.~C. and {Abdalla}, Filipe B. and
         {Benoit-L{\'e}vy}, Aur{\'e}lien and {Bertin}, Emmanuel and
         {Brooks}, David and {Carnero Rosell}, Aurelio and
         {Carrasco Kind}, Matias and {Cunha}, Carlos E. and {da Costa}, Luiz N. and
         {Desai}, Shantanu and {Doel}, Peter and {Eifler}, Tim F. and
         {Evrard}, August E. and {Flaugher}, Brenna and {Fosalba}, Pablo and
         {Gazta{\~n}aga}, Enrique and {Gruen}, Daniel and {Gruendl}, Robert and
         {James}, David J. and {Kuehn}, Kyler and {Kuropatkin}, Nikolay and
         {Maia}, Marcio A.~G. and {Marshall}, Jennifer L. and {Miquel}, Ramon and
         {Plazas}, Andr{\'e}s A. and {Romer}, A. Kathy and
         {S{\'a}nchez}, Eusebio and {Schubnell}, Michael and
         {Sevilla-Noarbe}, Ignacio and {Sobreira}, Fl{\'a}via and
         {Suchyta}, Eric and {Swanson}, Molly E.~C. and {Tarle}, Gregory and
         {Walker}, Alistair R. and {Wester}, William},
        title = "{Host Galaxy Identification for Supernova Surveys}",
      journal = {\aj},
     keywords = {catalogs, galaxies: general, supernovae: general, surveys, Astrophysics - Cosmology and Nongalactic Astrophysics, Astrophysics - Astrophysics of Galaxies},
         year = "2016",
        month = "Dec",
       volume = {152},
       number = {6},
          eid = {154},
        pages = {154},
          doi = {10.3847/0004-6256/152/6/154},
archivePrefix = {arXiv},
       eprint = {1604.06138},
 primaryClass = {astro-ph.CO},
       adsurl = {https://ui.adsabs.harvard.edu/abs/2016AJ....152..154G},
      adsnote = {Provided by the SAO/NASA Astrophysics Data System}
}

@ARTICLE{2006ApJ...644L..63K,
       author = {{Kulkarni}, S.~R. and {Rau}, A.},
        title = "{The Nature of the Deep Lens Survey Fast Transients}",
      journal = {\apjl},
     keywords = {Stars: Flare, Stars: Subdwarfs, Surveys, Astrophysics},
         year = "2006",
        month = "Jun",
       volume = {644},
       number = {1},
        pages = {L63-L66},
          doi = {10.1086/505423},
archivePrefix = {arXiv},
       eprint = {astro-ph/0604343},
 primaryClass = {astro-ph},
       adsurl = {https://ui.adsabs.harvard.edu/abs/2006ApJ...644L..63K},
      adsnote = {Provided by the SAO/NASA Astrophysics Data System}
}

@ARTICLE{2013ApJ...779...18B,
       author = {{Berger}, E. and {Leibler}, C.~N. and {Chornock}, R. and {Rest}, A. and
         {Foley}, R.~J. and {Soderberg}, A.~M. and {Price}, P.~A. and
         {Burgett}, W.~S. and {Chambers}, K.~C. and {Flewelling}, H. and
         {Huber}, M.~E. and {Magnier}, E.~A. and {Metcalfe}, N. and
         {Stubbs}, C.~W. and {Tonry}, J.~L.},
        title = "{A Search for Fast Optical Transients in the Pan-STARRS1 Medium-Deep Survey: M-Dwarf Flares, Asteroids, Limits on Extragalactic Rates, and Implications for LSST}",
      journal = {\apj},
     keywords = {minor planets, asteroids: general, novae, cataclysmic variables, stars: flare, supernovae: general, surveys, Astrophysics - High Energy Astrophysical Phenomena},
         year = "2013",
        month = "Dec",
       volume = {779},
       number = {1},
          eid = {18},
        pages = {18},
          doi = {10.1088/0004-637X/779/1/18},
archivePrefix = {arXiv},
       eprint = {1307.5324},
 primaryClass = {astro-ph.HE},
       adsurl = {https://ui.adsabs.harvard.edu/abs/2013ApJ...779...18B},
      adsnote = {Provided by the SAO/NASA Astrophysics Data System}
}

@ARTICLE{2018ApJ...854L..13H,
       author = {{Ho}, Anna Y.~Q. and {Kulkarni}, S.~R. and {Nugent}, Peter E. and
         {Zhao}, Weijie and {Rusu}, Florin and {Cenko}, S. Bradley and
         {Ravi}, Vikram and {Kasliwal}, Mansi M. and {Perley}, Daniel A. and
         {Adams}, Scott M. and {Bellm}, Eric C. and {Brady}, Patrick and
         {Fremling}, Christoffer and {Gal-Yam}, Avishay and {Kann}, David Alexand
        er and {Kaplan}, David and {Laher}, Russ R. and {Masci}, Frank and
         {Ofek}, Eran O. and {Sollerman}, Jesper and {Urban}, Alex},
        title = "{iPTF Archival Search for Fast Optical Transients}",
      journal = {\apjl},
     keywords = {catalogs, gamma-ray burst: general, stars: activity, stars: flare, stars: jets, surveys, Astrophysics - High Energy Astrophysical Phenomena},
         year = "2018",
        month = "Feb",
       volume = {854},
       number = {1},
          eid = {L13},
        pages = {L13},
          doi = {10.3847/2041-8213/aaaa62},
archivePrefix = {arXiv},
       eprint = {1712.00949},
 primaryClass = {astro-ph.HE},
       adsurl = {https://ui.adsabs.harvard.edu/abs/2018ApJ...854L..13H},
      adsnote = {Provided by the SAO/NASA Astrophysics Data System}
}

@ARTICLE{2011ApJ...729..142S,
       author = {{Sand}, David J. and {Graham}, Melissa L. and {Bildfell}, Chris and
         {Foley}, Ryan J. and {Pritchet}, Chris and {Zaritsky}, Dennis and
         {Hoekstra}, Henk and {Just}, Dennis W. and
         {Herbert-Fort}, St{\'e}phane and {Sivanandam}, Suresh},
        title = "{Intracluster Supernovae in the Multi-epoch Nearby Cluster Survey}",
      journal = {\apj},
     keywords = {galaxies: clusters: general, supernovae: general, Astrophysics - Cosmology and Nongalactic Astrophysics},
         year = 2011,
        month = mar,
       volume = {729},
       number = {2},
          eid = {142},
        pages = {142},
          doi = {10.1088/0004-637X/729/2/142},
archivePrefix = {arXiv},
       eprint = {1011.1310},
 primaryClass = {astro-ph.CO},
       adsurl = {https://ui.adsabs.harvard.edu/abs/2011ApJ...729..142S},
      adsnote = {Provided by the SAO/NASA Astrophysics Data System}
}

@ARTICLE{2012ApJ...753...68G,
       author = {{Graham}, M.~L. and {Sand}, D.~J. and {Bildfell}, C.~J. and
         {Pritchet}, C.~J. and {Zaritsky}, D. and {Hoekstra}, H. and
         {Just}, D.~W. and {Herbert-Fort}, S. and {Sivanandam}, S. and
         {Foley}, R.~J.},
        title = "{The Type II Supernova Rate in z \raisebox{-0.5ex}\textasciitilde 0.1 Galaxy Clusters from the Multi-Epoch Nearby Cluster Survey}",
      journal = {\apj},
     keywords = {galaxies: clusters: general, supernovae: general, Astrophysics - Cosmology and Nongalactic Astrophysics},
         year = 2012,
        month = jul,
       volume = {753},
       number = {1},
          eid = {68},
        pages = {68},
          doi = {10.1088/0004-637X/753/1/68},
archivePrefix = {arXiv},
       eprint = {1205.0015},
 primaryClass = {astro-ph.CO},
       adsurl = {https://ui.adsabs.harvard.edu/abs/2012ApJ...753...68G},
      adsnote = {Provided by the SAO/NASA Astrophysics Data System}
}


@ARTICLE{2019ApJ...887..127I,
       author = {{Irani}, Ido and {Schulze}, Steve and {Gal-Yam}, Avishay and
         {Lunnan}, Ragnhild and {Brink}, Thomas G. and {Zheng}, WeiKang and
         {Filippenko}, Alexei V. and {Yang}, Yi and {de Jaeger}, Thomas and
         {Nugent}, Peter E. and {Kasliwal}, Mansi M. and
         {Fremling}, Christoffer and {Neill}, James Don and
         {Rebbapragada}, Umaa and {Masci}, Frank J. and {Sollerman}, Jesper and
         {Yaron}, Ofer},
        title = "{On the Origin of SN 2016hil{\textemdash}A Type II Supernova in the Remote Outskirts of an Elliptical Host}",
      journal = {\apj},
     keywords = {Core-collapse supernovae, Elliptical galaxies, Dwarf galaxies, Early-type galaxies, Binary stars, Astrophysics - High Energy Astrophysical Phenomena},
         year = 2019,
        month = dec,
       volume = {887},
       number = {2},
          eid = {127},
        pages = {127},
          doi = {10.3847/1538-4357/ab505d},
archivePrefix = {arXiv},
       eprint = {1904.01425},
 primaryClass = {astro-ph.HE},
       adsurl = {https://ui.adsabs.harvard.edu/abs/2019ApJ...887..127I},
      adsnote = {Provided by the SAO/NASA Astrophysics Data System}
}

@ARTICLE{2018PASP..130f4002S,
       author = {{Sako}, Masao and {Bassett}, Bruce and {Becker}, Andrew C. and
         {Brown}, Peter J. and {Campbell}, Heather and {Wolf}, Rachel and
         {Cinabro}, David and {D'Andrea}, Chris B. and {Dawson}, Kyle S. and
         {DeJongh}, Fritz and {Depoy}, Darren L. and {Dilday}, Ben and
         {Doi}, Mamoru and {Filippenko}, Alexei V. and {Fischer}, John A. and
         {Foley}, Ryan J. and {Frieman}, Joshua A. and {Galbany}, Lluis and
         {Garnavich}, Peter M. and {Goobar}, Ariel and {Gupta}, Ravi R. and
         {Hill}, Gary J. and {Hayden}, Brian T. and {Hlozek}, Ren{\'e}e and
         {Holtzman}, Jon A. and {Hopp}, Ulrich and {Jha}, Saurabh W. and
         {Kessler}, Richard and {Kollatschny}, Wolfram and {Leloudas}, Giorgos and
         {Marriner}, John and {Marshall}, Jennifer L. and {Miquel}, Ramon and
         {Morokuma}, Tomoki and {Mosher}, Jennifer and {Nichol}, Robert C. and
         {Nordin}, Jakob and {Olmstead}, Matthew D. and {{\"O}stman}, Linda and
         {Prieto}, Jose L. and {Richmond}, Michael and {Romani}, Roger W. and
         {Sollerman}, Jesper and {Stritzinger}, Max and {Schneider}, Donald P. and
         {Smith}, Mathew and {Wheeler}, J. Craig and {Yasuda}, Naoki and
         {Zheng}, Chen},
        title = "{The Data Release of the Sloan Digital Sky Survey-II Supernova Survey}",
      journal = {\pasp},
     keywords = {Astrophysics - Cosmology and Nongalactic Astrophysics},
         year = 2018,
        month = jun,
       volume = {130},
       number = {988},
        pages = {064002},
          doi = {10.1088/1538-3873/aab4e0},
archivePrefix = {arXiv},
       eprint = {1401.3317},
 primaryClass = {astro-ph.CO},
       adsurl = {https://ui.adsabs.harvard.edu/abs/2018PASP..130f4002S},
      adsnote = {Provided by the SAO/NASA Astrophysics Data System}
}

@ARTICLE{2018AJ....155....1G,
       author = {{Graham}, Melissa L. and {Connolly}, Andrew J. and
         {Ivezi{\'c}}, {\v{Z}}eljko and {Schmidt}, Samuel J. and
         {Jones}, R. Lynne and {Juri{\'c}}, Mario and {Daniel}, Scott F. and
         {Yoachim}, Peter},
        title = "{Photometric Redshifts with the LSST: Evaluating Survey Observing Strategies}",
      journal = {\aj},
     keywords = {cosmology: observations, galaxies: distances and redshifts, galaxies: photometry, techniques: photometric, Astrophysics - Cosmology and Nongalactic Astrophysics, Astrophysics - Astrophysics of Galaxies},
         year = 2018,
        month = jan,
       volume = {155},
       number = {1},
          eid = {1},
        pages = {1},
          doi = {10.3847/1538-3881/aa99d4},
archivePrefix = {arXiv},
       eprint = {1706.09507},
 primaryClass = {astro-ph.CO},
       adsurl = {https://ui.adsabs.harvard.edu/abs/2018AJ....155....1G},
      adsnote = {Provided by the SAO/NASA Astrophysics Data System}
}

@ARTICLE{2003MNRAS.343..978S,
       author = {{Shen}, Shiyin and {Mo}, H.~J. and {White}, Simon D.~M. and
         {Blanton}, Michael R. and {Kauffmann}, Guinevere and {Voges}, Wolfgang and
         {Brinkmann}, J. and {Csabai}, Istvan},
        title = "{The size distribution of galaxies in the Sloan Digital Sky Survey}",
      journal = {\mnras},
     keywords = {galaxies: formation, galaxies: fundamental parameters, galaxies: statistics, galaxies: structure, Astrophysics},
         year = 2003,
        month = aug,
       volume = {343},
       number = {3},
        pages = {978-994},
          doi = {10.1046/j.1365-8711.2003.06740.x},
archivePrefix = {arXiv},
       eprint = {astro-ph/0301527},
 primaryClass = {astro-ph},
       adsurl = {https://ui.adsabs.harvard.edu/abs/2003MNRAS.343..978S},
      adsnote = {Provided by the SAO/NASA Astrophysics Data System}
}

